<?xml version="1.0" encoding="UTF-8"?><collection xmlns="http://www.loc.gov/MARC21/slim"><record><leader>00440nam--2200169-i-4500</leader><controlfield tag="001">000030831</controlfield><controlfield tag="002">20161230</controlfield><controlfield tag="005">20161230201038</controlfield><controlfield tag="008">060222s1000------------r-----000-0-eng-d</controlfield><datafield ind1=" " ind2=" " tag="040"><subfield code="a">IFIN-HH</subfield></datafield><datafield ind1=" " ind2=" " tag="080"><subfield code="a">531</subfield></datafield><datafield ind1="1" ind2=" " tag="100"><subfield code="a">Macfarlane, A.G.J</subfield></datafield><datafield ind1="1" ind2="0" tag="245"><subfield code="a">Problems in dynamical system models</subfield><subfield code="c">A.G.J. MacFarlane</subfield></datafield><datafield ind1=" " ind2=" " tag="260"><subfield code="a">London, George G.Harrap. &amp; Co. Ltd. 1971</subfield></datafield><datafield ind1=" " ind2=" " tag="300"><subfield code="a">44P</subfield></datafield><datafield ind1=" " ind2=" " tag="852"><subfield code="a">36005</subfield><subfield code="c">531</subfield></datafield><datafield ind1=" " ind2=" " tag="CAT"><subfield code="a">Sys</subfield><subfield code="c">20100624</subfield><subfield code="h">104515</subfield></datafield></record></collection>